<record><leader>00000cas a2200000 a 4500</leader><controlfield tag="001">12193314</controlfield><controlfield tag="008">850624c19339999ksuwr ne      0    0eng d</controlfield><datafield ind1=" " ind2=" " tag="010"><subfield code="a">sn 85029389 </subfield></datafield><datafield ind1=" " ind2=" " tag="040"><subfield code="a">KSH</subfield><subfield code="b">eng</subfield><subfield code="c">KSH</subfield><subfield code="d">NPT</subfield><subfield code="d">OCL</subfield><subfield code="d">OCLCQ</subfield></datafield><datafield ind1=" " ind2=" " tag="042"><subfield code="a">msc</subfield></datafield><datafield ind1="0" ind2="4" tag="245"><subfield code="a">The Journal-free press.</subfield></datafield><datafield ind1=" " ind2=" " tag="260"><subfield code="a">Osage City, Kan. :</subfield><subfield code="b">E.F. Hammond,</subfield><subfield code="c">1933-</subfield></datafield><datafield ind1=" " ind2=" " tag="300"><subfield code="a">v. :</subfield><subfield code="b">ill. ;</subfield><subfield code="c">56 cm.</subfield></datafield><datafield ind1=" " ind2=" " tag="310"><subfield code="a">Weekly</subfield></datafield><datafield ind1="0" ind2=" " tag="362"><subfield code="a">Vol. 63, no. 44 (Mar. 1, 1933)-</subfield></datafield><datafield ind1=" " ind2=" " tag="500"><subfield code="a">Title varies slightly.</subfield></datafield><datafield ind1=" " ind2=" " tag="500"><subfield code="a">Publisher varies.</subfield></datafield><datafield ind1=" " ind2=" " tag="515"><subfield code="a">Numbering is irregular.</subfield></datafield><datafield ind1=" " ind2=" " tag="752"><subfield code="a">United States</subfield><subfield code="b">Kansas</subfield><subfield code="c">Osage</subfield><subfield code="d">Osage City.</subfield></datafield><datafield ind1="0" ind2="4" tag="780"><subfield code="t">Osage City free press (Osage City, Kan. : 1913)</subfield><subfield code="w">(DLC)sn 85029650</subfield></datafield><datafield ind1="0" ind2="4" tag="780"><subfield code="t">Osage County journal</subfield><subfield code="w">(DLC)sn 85029392</subfield></datafield><datafield ind1="0" ind2="5" tag="780"><subfield code="t">Reading herald</subfield><subfield code="g">Oct. 22, 1948</subfield><subfield code="w">(DLC)sn 85030265</subfield></datafield></record>